@TECHREPORT{gathering,
    author = "Ralf Klasing and Euripides Markou and Andrzej Pelc",
    title = "{Gathering asynchronous oblivious mobile robots in a ring}",
    NUMBER =        {RR-1422-07},
    INSTITUTION =   {Laboratoire Bordelais de Recherche en Informatique},
    ADDRESS =       {UMR 5800 - Université Bordeaux 1, 351, cours de la Libération, 33405 Talence CEDEX, France},
    MONTH = {01},
    YEAR = {2007}
}
@TECHREPORT{algo,
    author = "Nathalie Sznajder and Souheib Baarir",
    title = "{Algorithme d'accélération par interpolants}. ({French}) [{Acceleration Algorithm using an interpolant}]",
    INSTITUTION =   {Laboratoire Informatique de Paris 6 (LIP6)},
    DAY = {21},
    MONTH = {02},
    YEAR = {2022}
}